<record><leader>00000cas a22000001a 4500</leader><controlfield tag="001">32229848</controlfield><controlfield tag="007">hd afb016baca</controlfield><controlfield tag="007">hd bfb016baaa</controlfield><controlfield tag="008">950330u1971uuuuwiumr n a     0   a0eng c</controlfield><datafield ind1=" " ind2=" " tag="010"><subfield code="a">sn 94081693 </subfield></datafield><datafield ind1=" " ind2=" " tag="040"><subfield code="a">NN</subfield><subfield code="b">eng</subfield><subfield code="c">RQM</subfield><subfield code="d">OCLCQ</subfield><subfield code="d">OCLCF</subfield><subfield code="d">OCLCO</subfield></datafield><datafield ind1=" " ind2=" " tag="012"><subfield code="i">9501</subfield></datafield><datafield ind1="1" ind2=" " tag="029"><subfield code="a">AU@</subfield><subfield code="b">000025882170</subfield></datafield><datafield ind1=" " ind2=" " tag="042"><subfield code="a">pcc</subfield></datafield><datafield ind1=" " ind2=" " tag="090"><subfield code="a">PN6727</subfield><subfield code="b">.M58</subfield></datafield><datafield ind1="0" ind2="0" tag="245"><subfield code="a">Menomonee Falls gazette</subfield><subfield code="h">[microform].</subfield></datafield><datafield ind1=" " ind2=" " tag="260"><subfield code="a">Menomonee Falls, Wis. :</subfield><subfield code="b">J. Sinkovec,</subfield><subfield code="c">1971-</subfield></datafield><datafield ind1=" " ind2=" " tag="300"><subfield code="a">v. :</subfield><subfield code="b">ill. (some col.) ;</subfield><subfield code="c">42-45 cm.</subfield></datafield><datafield ind1=" " ind2=" " tag="310"><subfield code="a">Monthly,</subfield><subfield code="b">Apr. 1976-</subfield></datafield><datafield ind1=" " ind2=" " tag="321"><subfield code="a">Weekly,</subfield><subfield code="b">-Mar. 1, 1976</subfield></datafield><datafield ind1="0" ind2=" " tag="362"><subfield code="a">Vol. 1, no. 1 (Dec. 13, 1971)-</subfield></datafield><datafield ind1=" " ind2=" " tag="500"><subfield code="a">Title from caption.</subfield></datafield><datafield ind1=" " ind2=" " tag="500"><subfield code="a">Publisher: Street Enterprises, 197 -</subfield></datafield><datafield ind1=" " ind2=" " tag="500"><subfield code="a">"The international newspaper for comic art fans."</subfield></datafield><datafield ind1=" " ind2=" " tag="533"><subfield code="a">Microfilm.</subfield><subfield code="m">v.1,no. 2-v.5,no. 221 (Dec. 20,1971-Apr. 1976):[Gaps]</subfield><subfield code="b">New York :</subfield><subfield code="c">New York Public Library,</subfield><subfield code="d">1981.</subfield><subfield code="e">2 microfilm reels ; 35 mm.</subfield></datafield><datafield ind1=" " ind2="0" tag="650"><subfield code="a">Newspapers</subfield><subfield code="x">Sections, columns, etc.</subfield><subfield code="x">Comics.</subfield></datafield><datafield ind1=" " ind2="0" tag="650"><subfield code="a">Comic books, strips, etc.</subfield></datafield><datafield ind1=" " ind2="7" tag="650"><subfield code="a">Comic books, strips, etc.</subfield><subfield code="2">fast</subfield><subfield code="0">(OCoLC)fst00869145</subfield></datafield><datafield ind1=" " ind2="7" tag="650"><subfield code="a">Newspapers</subfield><subfield code="x">Sections, columns, etc.</subfield><subfield code="x">Comics.</subfield><subfield code="2">fast</subfield><subfield code="0">(OCoLC)fst01037160</subfield></datafield><datafield ind1="1" ind2=" " tag="776"><subfield code="c">Original</subfield><subfield code="w">(DLC)sn 90012763</subfield></datafield><datafield ind1=" " ind2=" " tag="850"><subfield code="a">NN</subfield><subfield code="a">NN (master)</subfield></datafield></record>